@Manual{ASN90,
  title        = "Information technology -- Open Systems
                  Interconnection -- Specification of Abstract Syntax
                  Notation One (ASN.1)",
  organization = "ITU-T Recommendation X.208",
  edition      = "Seconde",
  year         = 1990,
  month        = dec,
  note         = "Référence \mbox{ISO/IEC 8824:1990 (E)}"
}

@Manual{ASN94,
  title        = "Information technology -- Abstract Syntax Notation
		  One (ASN.1): Specification of basic notation",
  organization = "ITU-T Recommendation X.680",
  year         = 1994,
  month        = jul,
  note         = "Référence \mbox{ISO/IEC 8824-1:1994 (E)}"
}
		  
@InBook{AhoUllman,
  author    = "{A. Aho} and {J. Ullman}",
  title     = "{T}heory of parsing, {T}ranslation and {C}ompiling",
  chapter   = {2.6.3},
  pages     = 199,
  publisher = "Prentice Hall",
  year      = 1972,
  volume    = "1 (Parsing)",
  series    = "Automatic Computation"
}
@InBook{Bapat,
  author = 	 {S. Bapat},
  title = 	 "{O}bject-{O}riented {N}etworks. {M}odels for
		  {A}rchitecture, {O}perations and {M}anagement",
  chapter = 	 "10 -- {I}ntroduction to {N}etwork {M}odelling {S}yntax",
  publisher = 	 "{PTR} {P}rentice-{H}all",
  year = 	 1994
}
		  
		  
@InProceedings{BeverSchaffer,
  author = 	 "M. Bevar and U. Schäffer",
  title = 	 "{C}oding {R}ules for {H}igh {S}peed {N}etworks",
  booktitle = 	 "{U}pper {L}ayer {P}rotocols, {A}rchitectures and
		  {A}pplications",
  editor = 	 "G. Neufeld and B. Plattner",
  year = 	 1992,
  pages = 	 {119--132}
}
		  
@InProceedings{BilgicSarikaya,
  author = 	 {M. Bilgic and B. Sarikaya},
  title = 	 "{P}erformance comparison of {ASN.1} encode/decoders using {FTAM}",
  booktitle = 	 {Computer Communication},
  volume =	 "16 (4)",
  number =	 4,
  year =	 1993,
  month =	 apr,
  pages =	 {229--240}
}
		  
@InProceedings{Blackwell,
  author = 	 "T. Blackwell",
  title = 	 "{F}ast {D}ecoding of {T}agged {M}essage {F}ormats",
  booktitle = 	 {Conference on Computer Communications (IEEE
		  Infocom)},
  publisher = "IEEE",
  year = 	 1996,
  month = mar,
  address = {San Francisco, California, USA},
  pages = 	 {224--231}
}
		  
@InProceedings{Bochmann,
  author = 	 {Gregor V. Bochmann},
  title = 	 "{U}sage of {P}rotocol {D}evelopment {T}ools: {T}he
		  {R}esults of a {S}urvey",
  booktitle = 	 {Seventh International Symposium on Protocol
		  Specification, Testing and Verification (PSTV)}, 
  editor =	 {H. Rudin and C.H. West},
  year =	 1987,
  address =	 {Zürich, Suisse},
  pages =	 {139--161}
}
		  
@InProceedings{BochmannDeslauriers,
  author = 	 {Gregor V. Bochmann and Michel Deslauriers},
  title = 	 "{C}ombining {ASN.1} support with the {LOTOS}
		  language",
  booktitle = 	 {Nenth International Symposium on Protocol
		  Specification, Testing and Verification (PSTV)},
  year =	 1989,
  month = jun,
  address = {Enschede, Pays Bas},
  pages =	 {175--187}
}
@Unpublished{BrookesIndulska,
  author = 	 {Wayne Brookes and Jadwiga Indulska},
  title = 	 "{A} {F}ormal {S}pecification for a {B}asic
		  {ODP}-based {T}ype {M}anager",
  organization = {CRC for Distributed Systems Technology, Dept. of
		  Computer Science, University of Queensland},
  address = {Brisbane Qld 4072, Autralie},
  note = 	 {{\sf \{brookes,jaga\}@cs.uq.oz.au}}
}
		  
@PhdThesis{Bustos,
  author = 	 {Anne-Marie Bustos},
  title = 	 "{U}n environnement {OSI} autour du compilateur
		  {ASN.1} {MAVROS}",
  school = 	 {Université de Nice Sophia-Antipolis},
  year = 	 1992,
  month =	 apr,
  note =	 {Préparée à l'INRIA Sophia-Antipolis}
}
		  
@TechReport{Chatras,
  author = 	 {Bruno Chatras},
  title = 	 "{S}pécification des règles d'encodage spécifiques
		  pour la signalisation ({SER})",
  institution =  {Centre National d'Étude des Télécommunications
		  (CNET, France Télécom)},
  year = 	 1997,
  type = 	 "{NT/DAC/SSR/12}",
  month = 	 jul,
  note = 	 {7 pages}
}
		
@TechReport{DeryHuitemaMaille,
  author = 	 {Anne-Marie Dery and Christian Huitema and William Maille},
  title = 	 "{E}nvironnement de programmation pour {ASN.1}",
  institution =  {INRIA Sophia-Antipolis},
  year = 	 1993,
  type =         "{RR 1847}",
  month =	 feb,
  note = "29 pages"
}
		  
@TechReport{Dillon,
  author = 	 {E. Dillon},
  title = 	 "{P}rotocoles de communication et représentation des
		  données. {ASN.1} et les langages de spécification
		  formelle", 
  institution =  {Université Nancy I, CRIN},
  year = 	 1993,
  month = 	 sep,
  note = 	 {46 pages}
}

		  
@Book{Dragon,
  author    = "{A. Aho} and {R. Sethi} and {J. Ullman}",
  title     = "Compilers: principles, techniques and tools",
  publisher = "Addison-Wesley",
  year      = "1986",
  pages     = 796,
  note      = "ISBN 0-201-10088-6"
}

                  
@TechReport{DubuissonKeller,
  author = 	 {Olivier Dubuisson and Joaquín Keller},
  title = 	 "{D}escription formelle en {Z} de la sémantique
		  statique de {GDMO}",
  institution =  {Centre National d'Étude des Télécommunications
		  (CNET, France Télécom)},
  year = 	 1994,
  type =	 "{DT/LAA/EIA/AIA/94-07}",
  month =	 mar
}
@TechReport{DuwezDubuisson,
  author = 	 {F. Duwez and Olivier Dubuisson},
  title = 	 "{I}mplémentation d'un analyseur syntaxique
		  descendant pour {ASN.1:1994}",
  institution =  {Centre National d'Étude des Télécommunications
		  (CNET, France Télécom)},
  year = 	 1996,
  type =	 "{RP/LAA/EIA/123}",
  month =	 jul
}
@TechReport{ETSI0,
  author = 	 "{ETSI}",
  title = 	 "Signalling {P}rotocols and {S}witching ({SPS}); {E}valuation
		  of {A}bstract {S}yntax {N}otation {O}ne ({ASN.1}) tools for
		  use as syntax and semantics checker",
  institution =  {{E}uropean {T}elecommunications {S}tandards {I}nstitute},
  year = 	 1992,
  type =         "{ETR 060, Référence DTR/SPS-2001}",
  address =	 {06921 Sophia Antipolis cedex --
		  France},
  month =	 nov
}		  


@TechReport{ETSI1,
  author = 	 "{E}uropean {T}elecommunications {S}tandards {I}nstitute
		  (ETSI)",
  title = 	 "{ASN.1:94} {P}resentation",
  institution =  {ETSI},
  type = "{TC MTS, PT 96, TD 44}",
  year = 	 1997,
  month = 	 jun,
  note = 	 {20 pages}
}
		
@TechReport{ETSI2,
  author = 	 "{E}uropean {T}elecommunications {S}tandards {I}nstitute
		  (ETSI)",
  title = 	 "{A}nalysis of the use of {ASN.1:94} with {TTCN} and
		  {SDL} in {ETSI} delivrables",
  institution =  {ETSI},
  year = 	 1997,
  type =	 "{DTR/MTS-47}",
  month =	 sep,
  note =	 {MTS (Methods for Testing and Specification)}
}
		  
		  
@InProceedings{FischerSchroder,
  author = 	 {J. Fischer and R. Schröder},
  title = 	 "{C}ombined {S}pecification {U}sing {SDL} and
		  {ASN.1}",
  booktitle = 	 {SDL'93},
  year =	 1993,
  pages =	 {293--304}
}

@TechReport{FouquartDuwezDubuisson,
  author = 	 {Philippe Fouquart and F. Duwez and Olivier Dubuisson},
  title = 	 "{U}ne analyse syntaxique d'{ASN.1:1994}",
  institution =  {Centre National d'Étude des Télécommunications
		  (CNET, France Télécom)},
  year = 	 1996,
  type =	 "{RP/LAA/EIA/83}",
  month =	 feb
}
		  
@InProceedings{Gardiner,
  author = 	 {C.W. Gardiner},
  title = 	 "{ASN\_EZE}: {A}n {A}nalgesic for {W}riters of {ASN.1}
		  {A}pplications",
  booktitle = 	 {Software -- Practice and Experience},
  volume =	 "26 (10)",
  number =	 10,
  year =	 1996,
  month =	 oct,
  pages =	 {1087--1096}
}
		  
@TechReport{Gaudette,
  author = 	 {P. Gaudette},
  title = 	 "{A} {T}utorial on {ASN.1}",
  institution =  {NCSL/SNA-89/12},
  year = 	 1989,
  month = 	 may,
  note = 	 {36 pages}
}
		  
@InProceedings{GaudetteTrusCollins0,
  author = 	 {P. Gaudette and S. Trus and S. Collins},
  title = 	 "{A}n {O}bject-{O}riented {M}odel for {ASN.1}",
  booktitle = 	 {FORTE'88},
  year = 	 1988,
  pages = 	 {121--134}
}
		  
@TechReport{GaudetteTrusCollins1,
  author = 	 {P. Gaudette and S. Trus and S. Collins},
  title = 	 "{T}he {F}ree {V}alue {T}ool for {ASN.1}",
  institution =  {U.S. Dept. of Commerce, National Institute of
		  Standards and Technology},
  year = 	 1989,
  type =	 "{NCSI/SNA-89/1}",
  month =	 jan,
  note =	 {40 pages}
}
		  
@InProceedings{Gora,
  author = 	 {W. Gora},
  title = 	 "{ASN.1} {S}tand und {T}rends",
  booktitle = 	 {Datacom},
  volume =	 2,
  year =	 1990,
  pages =	 {114--122},
  note =	 {En allemand}
}
		  
@InProceedings{GunnibergBjorkmanNordmarkPinkSjodinStromquist,
  author = 	 {Per Gunniberg and Erik Nordman and Stephen Pink and
		  Peter Sjodin and Jan Erik Stromquist},
  title = 	 "{A}pplication protocols and performance benchmarks",
  booktitle = 	 {IEEE Communications Magazine},
  volume =	 27,
  year =	 1989,
  month =	 jun,
  pages =	 {30--36}
}
		  
@InProceedings{HartSearlsOverton,
  author = 	 {K.W. Hart and D.B. Searls and G.C. Overton},
  title = 	 "{SORTEZ}: {A} {R}elational {T}ranslator for {NCBI}'s
		  {ASN.1} {D}atabase",
  booktitle = 	 {CABIOS},
  volume =	 "10 (4)",
  number =	 4,
  year =	 1994,
  pages =	 {369--378}
}
		  
@TechReport{HarumotoTsukamotoNishio,
  author = 	 {K. Harumoto and M. Tsukamoto and S.Nishio},
  title = 	 {"{D}esign and {I}mplementation of the {C}ompiler for
		  an {ASN.1} {D}atabase on {OODBMS}"},
  institution =  {Dept. of Information Systems Engineering},
  address =	 {Osaka University},
  note =	 {8 pages}
}
		  
@InProceedings{HarveyWeaver,
  author = 	 {James D. Harvey and Alfred C. Weaver},
  title = 	 "{E}xperience with the {A}bstract {S}yntax {N}otation
		  {O}ne and the {B}asic {E}ncoding {R}ules",
  booktitle = 	 {IEEE Conference on Local Computer Networks},
  year =	 1991,
  address =	 {Minneapolis, Minnesota, USA},
  pages =	 {621--628}
}
@InProceedings{HasegawaHoriuchiKatoSuzukiUrano,
  author = 	 {T. Hasegawa and H. Horiuchi and T. Kato and
		  K. Suzuki and Y. Urano},
  title = 	 "{A}utomatic {ADA} {P}rogram {G}eneration from
		  {P}rotocol {S}pecification based on {ESTELLE} and {ASN.1}",
  booktitle = 	 {International Conference on Computers and Communications},
  year =	 1988,
  address =	 {Tel Aviv, Israel},
  pages =	 {181--185}
}
		  
@InProceedings{HerzogKarnerSchaeferSchermann,
  author = 	 {H. Herzog and Karner and Heinz Schaefer and Schermann},
  title = 	 "{A}n {A}daptable {A}rchitecture for an
		  {ASN.1/TTCN/GDMO} {T}ool {S}et",
  booktitle = 	 {ISS'95},
  year =	 1995
}
		  
@Misc{Hines,
  author = 	 {T.R. Hines},
  title = 	 "{O}pen {S}ystems {I}nterconnection {A}bstract
		  {N}otation: {ASN.1}",
  year = 	 1989,
  note = 	 {Univ. of Missouri, p. 303--311}
}
	  
@InProceedings{Hoschka0,
  author = 	 "Philipp Hoschka",
  title = 	 "{A}utomatic {P}erformance {O}ptimisation by
		  {H}euristic {A}nalysis of a {F}ormal {S}ecification",
  booktitle = 	 {Formal Description Techniques IX},
  editor = 	 {R. Gotzhein and J. Bredereke},
  year = 	 1996,
  organization = {Kaisersläutern},
  pages = 	 {77--92}
}
		  
@InProceedings{Hoschka1,
  author = 	 {Philipp Hoschka},
  title = 	 "{T}owards tailoring protocols to application
		  specific requirements",
  booktitle = 	 {IEEE Infocom'93, Twelve annual joint conference of
		  the IEEE Computer and Communication Societies},
  volume = 	 2,
  publisher = {IEEE},
  year = 	 1993,
  month = 	 may,
  pages = 	 {647--653}
}
		  
@InProceedings{Hoschka2,
  author = 	 {Philipp Hoschka},
  title = 	 "{U}se of {ASN.1} for {R}emote {P}rocedure {C}all
		  {I}nterfaces", 
  booktitle = 	 {Interop Europe},
  year = 	 1993,
  address = 	 {Paris},
  month = 	 oct,
  note = 	 {12 pages}
}

@InProceedings{Hoschka3,
  author = 	 {Philipp Hoschka},
  title = 	 "{T}owards tailoring protocols to applications
		  specific requirements",
  booktitle = 	 {Conference on Computer Communications (IEEE
		  Infocom)},
  year =	 1993,
  publisher =	 {IEEE},
  address =	 {San Francisco, California, USA},
  month =	 apr,
  pages =	 {647--653}
}
		  
@InProceedings{HuitemaChave,
  author = 	 "Ch. Huitema and G. Chave",
  title = 	 "{M}easuring the performance of an {ASN.1} compiler",
  booktitle = 	 "{U}pper {L}ayer {P}rotocols, {A}rchitectures and
		  {A}pplications",
  editor = 	 "G. Neufeld and B. Plattner",
  year = 	 1992,
  pages = 	 {105--118}
}

@InProceedings{HuitemaDoghri,
  author = 	 {Ch. Huitema and A. Doghri},
  title = 	 "{D}efining {F}aster {T}ransfer {S}yntaxes for the
		  {OSI} {P}resentation {P}rotocol",
  booktitle = 	 {ACM SIGCOMM Computer Communication Review},
  volume = 	 "19 (5)",
  number = 	 5,
  year = 	 1989,
  pages = 	 {44--55}
}

@TechReport{INT,
  author = 	 "M. Gardie",
  title = 	 "{L}a couche présentation. {L}a syntaxe {ASN.1}",
  institution =  {Institut National des Télécommunications ({INT})},
  year = 	 1993,
  month = 	 feb
}
		  
@TechReport{KaliskiBurton,
  author = 	 {B.S. {Kaliski Jr.} and S. Burton},
  title = 	 "{A} {L}ayman's {G}uide to a {S}ubset of {ASN.1},
		  {BER}, and {DER}",
  institution = {RSA Laboratories},
  year = 	 1993,
  month = 	 nov,
  address = {RSA Data Security Inc., Redwood City, California, USA},
  note = {Public-Key Cryptography Standards (PKCS)}
}
		  
@InProceedings{Karner,
  author = 	 {G. Karner},
  title = 	 "{S}emantic {I}ntegration of {ASN.1} into {SDL}", 
  booktitle = 	 {SDL'93},
  year =	 1993,
  pages =	 {305--315}
}

		  
@InProceedings{KoivistoReilly,
  author = 	 {J. Koivisto and J. Reilly},
  title = 	 "{G}enerating {O}bject-{O}riented
		  {T}elecommunications {S}oftware {U}sing {ASN.1}
		  {D}escriptions",
  booktitle = 	 {Upper Layer Protocols, Architectures and
		  Applications},
  editor =	 {G. Neufeld and B. Plattner},
  year =	 1992,
  pages =	 {133--147}
}
		  
@Misc{Kouijzer,
  author =	 {A. J. Kouijzer},
  title =	 "{T}ransforming  {ASN.1} into {LOTOS}: a {U}ser's {V}iew",
  year =	 1990,
  month =	 oct,
  note =	 {PTT-Research, Verlag (844/90)}
}
		  
		  
@InProceedings{Kwast,
  author = 	 {E. Kwast},
  title = 	 "{A}utomatic {ASN.1} {C}onstraint {G}eneration for
		  {T}esting {P}urposes",
  booktitle = 	 {Protocol Specification, Testing and Verification
		  (PSTV)},
  year =	 1994,
  address =	 {Vancouver, Canada},
  month =	 jun,
  pages =	 {338--345}
}
		  
@InProceedings{LadwigKonig,
  author = 	 {A. Ladwig and H. König},
  title = 	 "{D}atenspezifikation mit {ASN.1}",
  booktitle = 	 {Nachrichtentechnik Elecktronik},
  volume =	 "40 (10)",
  number =	 10,
  year =	 1990,
  pages =	 {382--385},
  note = {En allemand}
}
		  
@Book{Larmouth,
  author = 	 {John Larmouth},
  title = 	 "{U}nderstanding {OSI}",
  publisher = 	 {International Thomson Computer Press},
  year = 	 1996
}
		
@InProceedings{LavenderKafuraMullins,
  author = 	 {R.G. Lavender and D.G. Kafura and R.W. Mullins},
  title = 	 "{P}rogramming with {ASN.1} using {P}olymorphic
		  {T}ypes and {T}ype {S}pecialization",
  booktitle = 	 {Upper Layer Protocols, Architectures and
		  Applications},
  editor =	 {M. Medina and N.S. Borenstein},
  year =	 1994,
  pages =	 {147--162}
}
@Book{Lemaire,
  author = 	 {J.-P. Lemaire},
  title = 	 "{L}es protocoles de réseaux. {OSI} et {DEC}net
		  {P}hase {V}",
  publisher = 	 {Hermès},
  year = 	 1996,
  note = 	 {ISBN: 2-86601-559-2}
}
		  
		  
@InProceedings{Lin,
  author = 	 {{Huai-An (Paul)} Lin},
  title = 	 "{E}stimation of the {O}ptimal {P}erformance of
		  {ASN.1/BER} {T}ransfer {S}yntax",
  booktitle = 	 {ACM SIGCOMM Computer Communication Review},
  volume = 	 "23 (3)",
  number = 	 3,
  year = 	 1993,
  month = jul,
  pages = 	 {45--58}
}
	  
@InProceedings{MacLeod,
  author = 	 {J. N. MacLeod},
  title = 	 "{P}erformance of {E}ncoding/{D}ecoding the
		  {T}ransfer {S}yntax",
  booktitle = 	 "{T}enth {A}nnual {I}nternational {P}h{\oe}nix
		  {C}onference on {C}omputers and {C}ommunications",
  year = 	 1991,
  pages = 	 {644--650}
}
		  
@Manual{Manuel,
  title        = "{The Objective Caml system -- Documentation and user's guide}",
  author       = "Xavier Leroy",
  organization = "INRIA-Rocquencourt",
  address      = "Domaine de Voluceau, BP 105, 78153 Le Chesnay Cedex, France",
  year         = 1997,
  month        = sep,
  note         = "{\sf http://pauillac.inria.fr/ocaml/}"
}


@inproceedings{MaunyDDR,
  author    = "Michel Mauny and Daniel {de Rauglaudre}",
  year      = "1992",
  title     = "Parsers in ML",
  booktitle = "Proceedings of the ACM International Conference on Lisp
               and Functional Programming",
  address   = "San Francisco, USA"
}


@TechReport{MeyerChastek,
  author = 	 {Craig Meyer and G. Chastek},
  title = 	 "{T}he {U}se of {ASN.1} and {XDR} for {D}ata
		  {R}epresentation in {R}eal-{T}ime {D}istributed
		  {S}ystems",
  institution =  {Carnegie Mellon Univ., Software Engineering
		  Institute}, 
  year = 	 1993,
  type = 	 "{CMU/SEI-93-TR-10}",
  month = 	 oct
}
	  
@Article{Mitra0,
  author = 	 {N. Mitra},
  title = 	 "{A}n {I}ntroduction to the {ASN.1} {MACRO}
		  {R}eplacement {N}otation",
  journal = 	 {AT\&T Technical Journal},
  year = 	 1994,
  month =	 "Mai-Juin",
  pages =	 {66-79}
}
		  
@Article{Mitra1,
  author = 	 {N. Mitra},
  title = 	 "{E}fficient {E}ncoding {R}ules for {ASN.1}-{B}ased
		  {P}rotocols",
  journal = 	 {AT\&T Technical Journal},
  year = 	 1994,
  month =	 "Mai-Juin",
  pages =	 {80-93}
}

@InProceedings{MosbergerPetersonBridgesOMalley,
  author = 	 {D. Mosberger and L.L. Peterson and P.G. Bridges and
		  S. O'Malley},
  title = 	 "{A}nalysis of {T}echniques to {I}mprove {P}rotocol
		  {P}rocessing {L}atency",
  booktitle = 	 {ACM SIGCOMM},
  year =	 1996,
  month =	 aug,
  pages =	 {73--84}
}
		  
@InProceedings{NeufeldVuong,
  author = 	 {Gerald W. Neufeld and Son Vuong},
  title = 	 "{A}n {O}verview of {ASN.1}",
  booktitle = 	 {Computer Networks and ISDN Systems},
  volume =	 23,
  year =	 1992,
  pages =	 {393--415}
}

@InProceedings{NeufeldYang,
  author = 	 {G.W. Neufeld and Y. Yang},
  title = 	 "{T}he {D}esign and {I}mplementation of an {ASN.1-C}
		  {C}ompiler", 
  booktitle = 	 {IEEE Transaction on Software Engineering},
  volume =	 "16 (10)",
  number =	 10,
  year =	 1990,
  month =	 oct,
  pages =	 {1209--1220}
}
		  
@InProceedings{OMalleyProebstingMontz,
  author = 	 {S. O'Malley and T. Proebsting and A.B. Montz},
  title = 	 "{USC}: {A} {U}niversal {S}tub {C}ompiler",
  booktitle = 	 {ACM SIGCOMM Symposium on Communications Architectures
		  and Protocols},
  year =	 1994,
  address =	 {Londres, Grande Bretagne},
  month =	 sep,
  pages =	 {295--306}
}
		  
@InProceedings{OharaSuganumaSenda,
  author = 	 {Y. Ohara and T. Suganuma and S. Senda},
  title = 	 "{ASN.1} {T}ools for {S}emi-automatic
		  {I}mplementation of {OSI} {A}pplication {L}ayer
		  {P}rotocols",
  booktitle = 	 {Second International Symposium on Intyeroperable
		  Information Systems (ISIIS'88)},
  year =	 1988,
  publisher =	 {Elsevier Publishing},
  address =	 {Tokyo, Japon},
  month =	 nov
}
		  
@InProceedings{PartridgeRose,
  author = 	 {C. Partridge and M. T. Rose},
  title = 	 "{A} {C}omparison of {E}xternal {D}ata {F}ormats",
  booktitle = 	 {Message Handling Systems and Distributed
		  Applications},
  editor =	 {E. Stefferud and O. J. Jacobsen and P. Schicker and
		  Elsevier},
  year =	 1989,
  pages =	 {233--245},
  note = "(IFIP)"
}
		  
		  
@Manual{ROSE,
  title           = "Information processing systems -- Text
                    communications -- Remote Operations -- Part 1:
                    Model, notation and service definition",
  organization    = "{ISO/IEC}",
  edition         = "First",
  year            = 1989,
  month           = nov,
  note            = "Reference ISO/IEC 9072-1"
}
@TechReport{Rinderknecht,
  author = 	 {Christian Rinderknecht},
  title = 	 "{U}ne analyse syntaxique d'{ASN.1} en {C}aml
		  {L}ight",
  institution =  {INRIA},
  year = 	 1995,
  type =	 "{RT-171}",
  month =	 apr,
  note = {238 pages}
}
		  
@TechReport{Sample,
  author = 	 {Michael Sample},
  title = 	 "{S}nacc 1.1: {A} {H}igh {P}erformance {ASN.1} to
		  {C/C++} {C}ompiler",
  institution =  {University of British Columbia},
  year = 	 1993,
  address =	 {Dept. of Computer Science, 6356 Agricultural Rd.,
		  Vancouver, British Columbia, Canada, V6T 1Z2},
  month =	 feb
}

@TechReport{SampleJoop,
  author = 	 {Michael Sample and R. Joop},
  title = 	 "{S}nacc 1.2rj: {A} {H}igh {P}erformance {ASN.1} to
		  {C/C++/IDL} {C}ompiler",
  institution =  {University of British Columbia},
  year = 	 1995,
  address =	 {Dept. of Computer Science, 6356 Agricultural Rd.,
		  Vancouver, British Columbia, Canada, V6T 1Z2}
}
		  
@Book{Schneider,
  author = 	 {J. M. Schneider},
  title = 	 "{P}rotocol {E}ngineering. {A} {R}ule-{B}ased
		  {A}pproach",
  publisher = 	 {Advanced Studies in Computer Science},
  year = 	 1992
}
		  
@Book{Steedman0,
  author    = "Douglas Steedman",
  title     = "{A}bstract {S}yntax {N}otation {O}ne ({ASN.1}) - {T}he
		  {T}utorial and {R}eference",
  publisher = "Technology Appraisals",
  year      = 1990
}

@InProceedings{Steedman1,
  author = 	 {Douglas Steedman},
  title = 	 "{R}eview of {A}bstract {S}yntax {N}otation {O}ne",
  booktitle = 	 {ACM Computer Communications Review},
  editor =	 {Craig Partridge},
  volume =	 21,
  year =	 1991,
  month =	 apr
}
		  
@InProceedings{Thomas0,
  author = 	 {M. Thomas},
  title = 	 "{A} {T}ranslator for {ASN.1} into {LOTOS}",
  booktitle = 	 {FORTE'92},
  year =	 1992,
  month =	 oct,
  pages =	 {49--64}
}
		  
@InProceedings{Thomas1,
  author = 	 {M. Thomas},
  title = 	 "{F}rom 1 {N}otation to {A}nother {O}ne: {A}n
		  {ACT-ONE} {S}emantics for {ASN.1}",
  booktitle = 	 {Second International Conference on Formal
		  Description Techniques for Communication Protocols
		  and Distributed Systems (FORTE)},
  year =	 1990,
  pages =	 {517--531}
}

@Book{WeisLeroy,
  author    = "Pierre Weis and Xavier Leroy",
  title     = "{L}e langage {C}aml",
  publisher = "InterÉditions",
  year      = 1993,
  series    = "IIA"
}
	  		  
@InProceedings{White,
  author = 	 {J.E. White},
  title = 	 "{ASN.1} and {ROS}: {T}he {I}mpact of {X.400} on {OSI}",
  booktitle = 	 {IEEE Journal on Selected Areas in Communications},
  volume =	 7,
  year =	 1989,
  publisher =	 {IEEE},
  month =	 sep,
  pages =	 {1060--1072}
}
		  
@TechReport{Wikstrom,
  author = 	 {Claes Wikström},
  title = 	 "{P}rocessing {ASN.1} specifications in a
		  declarative language",
  institution =  {Computer Science Laboratory},
  address =	 {Ellemtel Utvecklings AB, Box 1505 S-125 25 Älvsjö,
		  Suède},
  note =	 {10 pages}
}
		  
@Manual{X.681,
  title        = "Information technology -- Abstract Syntax Notation
		  One (ASN.1): Information object specification",
  organization = "ITU-T Recommendation X.681",
  year         = 1994,
  month        = jul,
  note         = "Référence \mbox{ISO/IEC 8824-2:1995 (E)}"
}
	  
@Manual{X.682,
  title        = "Information technology -- Abstract Syntax Notation
		  One (ASN.1): Constraint specification",
  organization = "ITU-T Recommendation X.682",
  year         = 1994,
  month        = jul,
  note         = "Référence \mbox{ISO/IEC 8824-3:1995 (E)}"
}
		  
@Manual{X.683,
  title        = "Information technology -- Abstract Syntax Notation
		  One (ASN.1): Parametrization of ASN.1 specifications",
  organization = "ITU-T Recommendation X.683",
  year         = 1994,
  month        = jul,
  note         = "Référence \mbox{ISO/IEC 8824-4:1995 (E)}"
}

@Manual{X.690,
  title        = "Information technology -- ASN.1 Encoding Rules:
		  Specification of Basic Encoding Rules (BER),
		  Canonical Encoding Rules (CER) and Distinguished
		  Encoding Rules (DER)",
  organization = "ITU-T Recommendation X.690",
  year         = 1994,
  month        = jul,
  note         = "Référence \mbox{ISO/IEC 8825-1:1995 (E)}"
}
		  
@Manual{X.691,
  title        = "Information technology -- ASN.1 Encoding Rules:
		  Specification of Packed Encoding Rules (PER)", 
  organization = "ITU-T Recommendation X.691",
  year         = 1994,
  month        = jul,
  note         = "Référence \mbox{ISO/IEC 8825-2:1995 (E)}"
}
				  
		  

		  

		  
